@misc{repo1,
  author = {T{\'e}llez, C.},
  title = {Pr{\'a}ctica 2},
  url = {https://github.com/claratepa/Simulacion/tree/master/Practica2}
}

@misc{eli,
 author = {Schaeffer, E.},
 title = {Pr{\'a}ctica 2: {A}ut\'omata {C}elular},
 url = {https://elisa.dyndns-web.com/teaching/comp/par/p2.html},
 year = 2020,
 month = feb
}