@misc{repo1,
  author = {T{\'e}llez, C.},
  title = {Pr{\'a}ctica 1},
  url = {https://github.com/claratepa/Simulacion/tree/master/Practica1}
}

@article{Baz,
  author = {Santamar{\'i}a-Antonio, J.},
  title = {El movimiento {B}rowniano: Un paradigma de la materia blanda y de la biolog\'ia},
  journal = {Rev.R.Acad.Cienc.Exact.F\'is.Nat. (Esp)}, 
  volume = 106,
  number = {1--2},
  pages = {39--54},
  year = 2013
}

@misc{eli,
 author = {Schaeffer, E.},
 title = {Pr{\'a}ctica 1: {M}ovimiento {B}rowniano},
 url = {https://elisa.dyndns-web.com/teaching/comp/par/p1.html},
 year = 2020,
 month = jan
}

