
@article{Clarke,
  title={The Ecology of the Scalloped Hammerhead Shark, {Sphyrna} lewini, in {Hawaiil}},
  author={Clarke, T. A.},
  year={1971},
  publisher={University of {Hawai'i} Press},
	journal = {Pacific Science},
  volume = 25,
  number = 2,
  pages = {133--144}
}

@article{Duncan,
author = {Duncan, K. M. and Martin, A. P. and Bowen B. W. and de Couet, H. G.},
title = {Global phylogeography of the scalloped hammerhead shark ({Sphyrna} lewini)},
journal = {Molecular Ecology},
volume = {15},
number = {8},
pages = {2239-2251},
keywords = {biogeography, cosmopolitan marine species, dispersal, mitochondrial DNA, nursery habitat, philopatry},
doi = {10.1111/j.1365-294X.2006.02933.x},
year = {2006}
}

@article{estrada,
  title={Use of isotopic analysis of vertebrae in reconstructing ontogenetic feeding ecology in white sharks},
  author={Estrada, J. A. and Rice, A. N. and Natanson, L. J. and Skomal, G. B.},
  journal={Ecology},
  volume={87},
  number={4},
  pages={829--834},
  year={2006},
  publisher={Wiley Online Library},
	doi={10.1890/0012-9658(2006)87[829:UOIAOV]2.0.CO;2}
}

@article{IUCN,
author = {Rigby, C. L. and Dulvy, N. K. and Barreto, R. and Carlson, J. and Fernando, D. and Fordham, S. and Francis, M. P. and Herman, K. and Jabado, R. W. and Liu, K. M. and Marshall, A. and Pacoureau, N.and Romanov, E. and Sherley, R. B. and Winker, H.},
title = {Sphyrna lewini. },
journal = {The IUCN Red List of Threatened Species: e.T39385A2918526.},
year = {2019}
}
@article{estupinan,
  title={H{\'a}bitos alimentarios del tibur{\'o}n martillo {Sphyrna} lewini ({G}riffith \& {S}mith, 1834)({Chondrichthyes}) en el {P}ac{\'\i}fico ecuatoriano},
  author={Estupi{\~n}{\'a}n-Monta{\~n}o, C. and Cede{\~n}o-Figueroa, L. G. and Galv{\'a}n-Maga{\~n}a, F.},
  journal={Revista de biolog{\'\i}a marina y oceanograf{\'\i}a},
  volume={44},
  number={2},
  pages={379--386},
  year={2009},
  publisher={Universidad de Valpara{\'\i}so. Facultad de Ciencias del Mar},
	doi={10.4067/S0718-19572009000200011 }
}
@article{vander,
author = {Vander Zanden, M. J. and Rasmussen, J. B.},
title = {A Trophic Position Model of Pelagic Food Webs: Impact on Contaminant Bioaccumulation in Lake {T}rout},
journal = {Ecological Monographs},
volume = {66},
number = {4},
pages = {451-477},
doi = {10.2307/2963490},
year = {1996}
}
@article{kling,
author = {Kling, G. W. and Fry, B. and O'Brien, W. J.},
title = {Stable Isotopes and Planktonic Trophic Structure in Arctic Lakes},
journal = {Ecology},
volume = {73},
number = {2},
pages = {561-566},
doi = {10.2307/1940762},
year = {1992}
}
@article{zanden,
  title={Variation in $\delta$15{N} and $\delta$13{C} trophic fractionation: implications for aquatic food web studies},
  author={Vander Zanden, M. J. and Rasmussen, J. B.},
  journal={Limnology and oceanography},
  volume={46},
  number={8},
  pages={2061--2066},
  year={2001},
  publisher={Wiley Online Library},
	doi={10.4319/lo.2001.46.8.2061}
}
@article{newsome,
  title={A niche for isotopic ecology},
  author={Newsome, S. D. and Mart\'inez del Rio, C. and Bearhop, S. and Phillips, D. L.},
  journal={Frontiers in Ecology and the Environment},
  volume={5},
  number={8},
  pages={429--436},
  year={2007},
  publisher={Wiley Online Library},
	doi={10.1890/060150.1}
}
@article{hazen,
  title={Ontogeny in marine tagging and tracking science: technologies and data gaps},
  author={Hazen, E. L. and Maxwell, S. M. and Bailey, H. and Bograd, S. J. and Hamann, M. and Gaspar, P. and Godley, B. J. and Shillinger, G. L.},
  journal={Marine Ecology Progress Series},
  volume={457},
  pages={221--240},
  year={2012},
	doi={https://doi.org/10.3354/meps09857 }
}
@article{kim,
  title={Ontogenetic and among-individual variation in foraging strategies of northeast {P}acific white sharks based on stable isotope analysis},
  author={Kim, S. L. and Tinker, M. T. and Estes, J. A. and Koch, P. L.},
  journal={PLoS One},
  volume={7},
  number={9},
	pages = {e45068},
  year={2012},
  publisher={Public Library of Science},
	doi = {10.1371/journal.pone.0045068}
}
@article{koch,
  title={Isotopic study of the biology of modern and fossil vertebrates},
  author={Koch, P. L.},
  journal={Stable isotopes in ecology and environmental science},
  volume={2},
  pages={99--154},
  year={2007},
  publisher={Wiley Online Library},
	doi={10.1002/9780470691854.ch5}
}
@article{tolentino,
  title={Age and growth of the scalloped hammerhead shark, {S}phyrna lewini ({G}riffith \& {S}mith, 1834) from the {S}outhern coast of {S}inaloa, {M}{\'e}xico},
  author={Anislado-Tolentino, V.  and Gallardo-Cabello, M.  and Amezcua-Linares, F.  and Mendoza, C. R.},
  journal={Hidrobiol{\'o}gica},
  volume={18},
  number={1},
  pages={31--40},
  year={2008},
  publisher={Universidad Aut{\'o}noma Metropolitana Unidad Iztapalapa}
}

@article{sigman,
  title={Natural abundance-level measurement of the nitrogen isotopic composition of oceanic nitrate: an adaptation of the ammonia diffusion method},
  author={Sigman, D. M. and Altabet, M. A. and Michener, R. and McCorkle, D. C. and Fry, B. and Holmes, R. M.},
  journal={Marine Chemistry},
  volume={57},
  number={3-4},
  pages={227--242},
  year={1997},
  publisher={Elsevier},
	doi={10.1016/S0304-4203(97)00009-1}
}

@article{hussey,
  title={$\delta$15{N} and $\delta$13{C} diet--tissue discrimination factors for large sharks under semi-controlled conditions},
  author={Hussey, N. E. and Brush, J. and McCarthy, I. D. and Fisk, A. T.},
  journal={Comparative Biochemistry and Physiology Part A: Molecular \& Integrative Physiology},
  volume={155},
  number={4},
  pages={445--453},
  year={2010},
  publisher={Elsevier}, 
	doi={10.1016/j.cbpa.2009.09.023}
}

@article{estupinan2019,
  title={Feeding habits and trophic level of the smooth hammerhead shark, {S}phyrna zygaena ({C}archarhiniformes: {S}phyrnidae), off {E}cuador},
  author={Estupi{\~n}{\'a}n-Monta{\~n}o, C. and Cede{\~n}o-Figueroa, L. and Estupi{\~n}{\'a}n-Ortiz, J. F. and Galv{\'a}n-Maga{\~n}a, F. and Sandoval-Londo{\~n}o, A. and Casta{\~n}eda-Suarez, D. and Polo-Silva, C. J.},
  journal={Journal of the Marine Biological Association of the United Kingdom},
  volume={99},
  number={3},
  pages={673--680},
  year={2019},
  publisher={Cambridge University Press},
	doi={10.1017/S0025315418000474}
}

@article{flores,
  title={Diet comparison between silky sharks ({C}archarhinus falciformis) and scalloped hammerhead sharks ({S}phyrna lewini) off the south-west coast of {M}{\'e}xico},
  author={Flores-Mart{\'i}nez, I. A. and Torres-Rojas, Y. E. and Galv{\'a}n-Maga{\~n}a, F. and Ramos-Miranda, J.},
  journal={Journal of the Marine Biological Association of the United Kingdom},
  volume={97},
  number={2},
  pages={337--345},
  year={2017},
  publisher={Cambridge University Press},
	doi={10.1017/S0025315416000424}
}
@Manual{Rstudio, 
title = {RStudio: Integrated Development Environment for R}, 
author = {{RStudio Team}}, 
organization = {RStudio, PBC.}, 
address = {Boston, MA}, 
year = {2020}, 
url = {http://www.rstudio.com/}, 
}